@inproceedings{SSDAlloc,
  title={SSDAlloc: hybrid SSD/RAM memory management made easy},
  author={Badam, Anirudh and Pai, Vivek S},
  booktitle={Proceedings of the 8th USENIX conference on Networked systems design and implementation},
  pages={16--16},
  year={2011},
  organization={USENIX Association}
}

@inproceedings{Chameleon,
   author = "Anirudh Badam and Vivek S. Pai",
   title = "Better Flash Access via Shape-shifting Virtual Memory Pages",
   booktitle = "Proc.\ Conference on Timely Results in Operating Systems",
   address = "Farmington, PA",
   month = Nov,
   year = 2013
}

@article{nethercote2007valgrind,
  title={Valgrind: a framework for heavyweight dynamic binary instrumentation},
  author={Nethercote, Nicholas and Seward, Julian},
  journal={ACM Sigplan Notices},
  volume={42},
  number={6},
  pages={89--100},
  year={2007},
  publisher={ACM}
}

@article{gdb,
 url={"http://aosabook.org/en/gdb.html"}
}

@article{newsome2005dynamic,
  title={Dynamic taint analysis for automatic detection, analysis, and signature generation of exploits on commodity software},
  author={Newsome, James and Song, Dawn},
  year={2005},
  publisher={Internet Society}
}

@article{payerlightweight,
  title={Lightweight Memory Tracing},
  author={Payer, Mathias and Kravina, Enrico and Gross, Thomas R}
}

@inproceedings{castro1997hac,
  title={HAC: Hybrid adaptive caching for distributed storage systems},
  author={Castro, Miguel and Adya, Atul and Liskov, Barbara and Myers, Andrew C},
  booktitle={ACM SIGOPS Operating Systems Review},
  volume={31},
  number={5},
  pages={102--115},
  year={1997},
  organization={ACM}
}

